@article{goodfellow2014generative,
  title={Generative adversarial nets},
  author={Goodfellow, Ian J. and Pouget-Abadie, Jean and Mirza, Mehdi and Xu, Bing and Warde-Farley, David and Ozair, Sherjil and Courville, Aaron and Bengio, Yoshua},
  journal={Advances in Neural Information Processing Systems},
  volume={27},
  pages={2672--2680},
  year={2014}
}

@article{kingma2013auto,
  title={Auto-encoding variational Bayes},
  author={Kingma, Diederik P. and Welling, Max},
  journal={arXiv preprint arXiv:1312.6114},
  year={2013}
}

@article{ho2020denoising,
  title={Denoising diffusion probabilistic models},
  author={Ho, Jonathan and Jain, Ajay and Abbeel, Pieter},
  journal={Advances in Neural Information Processing Systems},
  volume={33},
  pages={6840--6851},
  year={2020}
}

@article{yi2019generative,
  title={Generative adversarial network in medical imaging: A review},
  author={Yi, Xin and Walia, Ekta and Babyn, Paul},
  journal={Medical Image Analysis},
  volume={58},
  pages={101552},
  year={2019},
  publisher={Elsevier}
}

@article{heusel2017gans,
  title={GANs trained by a two time-scale update rule converge to a local Nash equilibrium},
  author={Heusel, Martin and Ramsauer, Hubert and Unterthiner, Thomas and Nessler, Bernhard and Hochreiter, Sepp},
  journal={Advances in Neural Information Processing Systems},
  volume={30},
  pages={6626--6637},
  year={2017}
}

@article{medmnistv2,
  title={MedMNIST v2: A Large-Scale Lightweight Benchmark for 2D and 3D Biomedical Image Classification},
  author={Yang, Jiancheng and Shi, Rui and Wei, Donglai and Liu, Zequan and Zhao, Lin and Ke, Bilian and Pfister, Hanspeter and Ni, Bingbing},
  journal={Scientific Data},
  volume={10},
  pages={41},
  year={2023},
  publisher={Nature Publishing Group}
}
